@article{Zdroj1,
	author = "Lianjing Ni and Liping Wang",
	title = "Model Study of VR technology in the profesional teaching of preschool education",
	institution = "Shangrao Preschool Education College",
	address = "Shangrao Jiangxi 334000, China",
	year = "2021",
	pages ="1490-1493",
	journal ="2nd International Conference on Information Science and Education"
}
@article{Zdroj2,
	author = "Xiaoqijang Hu and Rui Su and Ling He",
	title = "The Design and Implementation of the 3D Educational Game Based on VR Headsets",
	institution = "Jiangxi Science and Technology Normal University",
	address = "Nanchang 330038, China",
	year = "2016",
	pages = "53-56",
	journal = "International Symposium on Educational Technology"
}
@misc{Zdroj3,
	title={Headset technology is cheaper and better than ever},
	howpublished={\url{www.economist.com/technology-quarterly/2020/10/01/headset-technology-is-cheaper-and-better-than-ever}},
	journal={The Economist},
	publisher={The Economist Newspaper}
}
@misc{Zdroj4,
	title={Top 5 Challenges in Implementing VR in Schools},
	howpublished={\url{www.xrguru.com/blog/2021/08/top-5-challenges-in-implementing-vr-in-schools}},
	journal={XR Guru},
	publisher={XR Guru}
}
@article{Zdroj5,
	author = "Meyasam Siyah Mansoory and Seyyed Mohsen Azizi and Fakhrosadat Mirhosseini and Danial Yousefi and Hedaiat Moradapoor",
	title = "A study to investigate the effectiveness of the application of virtual reality technology in dental education",
	institution = "BMC Medical Education",
	address = "Kermanshah University of Medical Sciences, Iran",
	year = "2022",
	pages = "1-9",
	journal = "BMC Med Educ 22"
}
@article{zdroj6,
    author = {Mustafa Hussein and Carl Nätterdal},
    journal = {Bachelor of science thesis in software engineering and management},
	address = {Chalmers University of technology, Göteburg},
    title = {The benefits of virtual reality in education},
    year = {2015},
}